<?xml version="1.0" encoding="UTF-8"?>
<zs:searchRetrieveResponse xmlns:zs="http://www.loc.gov/zing/srw/">
  <zs:version>1.1</zs:version>
  <zs:numberOfRecords>34</zs:numberOfRecords>
  <zs:records>
    <zs:record>
      <zs:recordSchema/>
      <zs:recordPacking>xml</zs:recordPacking>
      <zs:recordData>
        <record xmlns="http://www.loc.gov/MARC21/slim">
          <leader>02720cam a22004094a 4500</leader>
          <controlfield tag="001">15014059</controlfield>
          <controlfield tag="005">20081124100228.0</controlfield>
          <controlfield tag="008">070917s2008    enka     bf   001 0 eng  </controlfield>
          <datafield tag="906" ind1=" " ind2=" ">
            <subfield code="a">7</subfield>
            <subfield code="b">cbc</subfield>
            <subfield code="c">orignew</subfield>
            <subfield code="d">1</subfield>
            <subfield code="e">ecip</subfield>
            <subfield code="f">20</subfield>
            <subfield code="g">y-gencatlg</subfield>
          </datafield>
          <datafield tag="925" ind1="0" ind2=" ">
            <subfield code="a">acquire</subfield>
            <subfield code="b">2 shelf copies</subfield>
            <subfield code="x">policydefault, Sel/sdb 2008-10-20</subfield>
          </datafield>
          <datafield tag="955" ind1=" " ind2=" ">
            <subfield code="d">jc18 2007-09-20</subfield>
            <subfield code="e">jc18 2007-09-20 to Dewey</subfield>
            <subfield code="a">aa27 2007-09-20</subfield>
            <subfield code="a">xe10 2008-10-17 1 copy rec'd., to CIP ver.</subfield>
            <subfield code="f">xj09 2008-11-20 Z-CipVer</subfield>
            <subfield code="g">xj09 2008-11-20 to BCCD</subfield>
          </datafield>
          <datafield tag="010" ind1=" " ind2=" ">
            <subfield code="a">  2007038358</subfield>
          </datafield>
          <datafield tag="016" ind1="7" ind2=" ">
            <subfield code="a">101316690</subfield>
            <subfield code="2">DNLM</subfield>
          </datafield>
          <datafield tag="020" ind1=" " ind2=" ">
            <subfield code="a">0727918435</subfield>
          </datafield>
          <datafield tag="020" ind1=" " ind2=" ">
            <subfield code="a">9780727918437</subfield>
          </datafield>
          <datafield tag="035" ind1=" " ind2=" ">
            <subfield code="a">(OCoLC)173201730</subfield>
          </datafield>
          <datafield tag="035" ind1=" " ind2=" ">
            <subfield code="a">(OCoLC)ocn173201730</subfield>
          </datafield>
          <datafield tag="040" ind1=" " ind2=" ">
            <subfield code="a">DNLM/DLC</subfield>
            <subfield code="c">DLC</subfield>
            <subfield code="d">NLM</subfield>
            <subfield code="d">BAKER</subfield>
            <subfield code="d">BTCTA</subfield>
            <subfield code="d">BWKUK</subfield>
            <subfield code="d">YDXCP</subfield>
            <subfield code="d">CDX</subfield>
            <subfield code="d">DLC</subfield>
          </datafield>
          <datafield tag="042" ind1=" " ind2=" ">
            <subfield code="a">pcc</subfield>
          </datafield>
          <datafield tag="050" ind1="0" ind2="0">
            <subfield code="a">RC552.E18</subfield>
            <subfield code="b">A23 2008</subfield>
          </datafield>
          <datafield tag="060" ind1="0" ind2="0">
            <subfield code="a">2008 J-813</subfield>
          </datafield>
          <datafield tag="060" ind1="1" ind2="0">
            <subfield code="a">WM 175</subfield>
            <subfield code="b">A134 2008</subfield>
          </datafield>
          <datafield tag="082" ind1="0" ind2="0">
            <subfield code="a">616.85/26</subfield>
            <subfield code="2">22</subfield>
          </datafield>
          <datafield tag="245" ind1="0" ind2="0">
            <subfield code="a">ABC of eating disorders /</subfield>
            <subfield code="c">edited by Jane Morris.</subfield>
          </datafield>
          <datafield tag="246" ind1="3" ind2="0">
            <subfield code="a">Eating disorders</subfield>
          </datafield>
          <datafield tag="260" ind1=" " ind2=" ">
            <subfield code="a">Oxford ;</subfield>
            <subfield code="a">Hoboken, NJ :</subfield>
            <subfield code="b">Wiley-Blackwell/BMJ Books, Blackwell Pub.,</subfield>
            <subfield code="c">2008.</subfield>
          </datafield>
          <datafield tag="300" ind1=" " ind2=" ">
            <subfield code="a">vii, 70 p. :</subfield>
            <subfield code="b">ill. (some col.) ;</subfield>
            <subfield code="c">28 cm.</subfield>
          </datafield>
          <datafield tag="490" ind1="1" ind2=" ">
            <subfield code="a">ABC series</subfield>
          </datafield>
          <datafield tag="504" ind1=" " ind2=" ">
            <subfield code="a">Includes bibliographical references and index.</subfield>
          </datafield>
          <datafield tag="505" ind1="0" ind2=" ">
            <subfield code="a">Diagnosis of eating disorders / Jane Morris -- Causes of eating disorders / Bob Palmer -- Body image disturbance in eating disorders / Glynis Read and Jane Morris -- Compulsive exercise and overactivity in eating disorders / Jane Morris -- Medical and psychological consequences of eating disorders / Geoffrey Wolff and Janet Treasure -- Comorbidity / Alex Yellowlees -- What can a GP do? Management of eating disorders in primary care / Jane Morris and Nadine Harrison -- Psychological support with the general practice / Jane Morris and Nadine Harrison -- Advice, education and self-help / Chris Williams and Ulrike Schmidt -- Specialist referral / Jon Arcelus and Bob Palmer -- Medico-legal and ethical issues in the treatment of eating disorders / Anne Stewart and Jacinta Tan Wellcome -- Children with eating and feeding disorders / Jane Morris and Fiona Forbes -- Eating disorders in the family / Jane Morris and Fiona Forbes -- Eating disorders in boys and men / Brett McDermott -- The sufferers and carers viewpoint / Jane Morris ... [et al.] -- .</subfield>
          </datafield>
          <datafield tag="650" ind1=" " ind2="0">
            <subfield code="a">Eating disorders.</subfield>
          </datafield>
          <datafield tag="650" ind1="1" ind2="2">
            <subfield code="a">Eating Disorders.</subfield>
          </datafield>
          <datafield tag="700" ind1="1" ind2=" ">
            <subfield code="a">Morris, Jane,</subfield>
            <subfield code="d">1951-</subfield>
          </datafield>
          <datafield tag="830" ind1=" " ind2="0">
            <subfield code="a">ABC series (Malden, Mass.)</subfield>
          </datafield>
          <datafield tag="856" ind1="4" ind2="2">
            <subfield code="3">Contributor biographical information</subfield>
            <subfield code="u">http://www.loc.gov/catdir/enhancements/fy0902/2007038358-b.html</subfield>
          </datafield>
          <datafield tag="856" ind1="4" ind2="2">
            <subfield code="3">Publisher description</subfield>
            <subfield code="u">http://www.loc.gov/catdir/enhancements/fy0902/2007038358-d.html</subfield>
          </datafield>
          <datafield tag="856" ind1="4" ind2="1">
            <subfield code="3">Table of contents only</subfield>
            <subfield code="u">http://www.loc.gov/catdir/enhancements/fy0902/2007038358-t.html</subfield>
          </datafield>
        </record>
      </zs:recordData>
      <zs:recordPosition>1</zs:recordPosition>
    </zs:record>