
    <zs:record>
      <zs:recordSchema/>
      <zs:recordPacking>xml</zs:recordPacking>
      <zs:recordData>
        <record xmlns="http://www.loc.gov/MARC21/slim">
          <leader>05502cam a2200433 i 4500</leader>
          <controlfield tag="001">19204720</controlfield>
          <controlfield tag="005">20171016122222.0</controlfield>
          <controlfield tag="008">160803s2017    enka     b    001 0 eng  </controlfield>
          <datafield tag="906" ind1=" " ind2=" ">
            <subfield code="a">7</subfield>
            <subfield code="b">cbc</subfield>
            <subfield code="c">orignew</subfield>
            <subfield code="d">1</subfield>
            <subfield code="e">ecip</subfield>
            <subfield code="f">20</subfield>
            <subfield code="g">y-gencatlg</subfield>
          </datafield>
          <datafield tag="925" ind1="0" ind2=" ">
            <subfield code="a">acquire</subfield>
            <subfield code="b">1 shelf copy</subfield>
            <subfield code="x">policy default</subfield>
          </datafield>
          <datafield tag="955" ind1=" " ind2=" ">
            <subfield code="b">rm13 2016-08-03</subfield>
            <subfield code="i">rm13 2016-08-03</subfield>
            <subfield code="w">xm06 2016-08-04</subfield>
            <subfield code="a">xn05 2016-10-17 1 copy rec'd., to CIP ver.</subfield>
            <subfield code="f">rm05 2016-11-22 to CALM</subfield>
          </datafield>
          <datafield tag="010" ind1=" " ind2=" ">
            <subfield code="a">  2016011974</subfield>
          </datafield>
          <datafield tag="020" ind1=" " ind2=" ">
            <subfield code="a">9781138818538 (hardback)</subfield>
          </datafield>
          <datafield tag="020" ind1=" " ind2=" ">
            <subfield code="z">9781315745183 (ebook)</subfield>
          </datafield>
          <datafield tag="040" ind1=" " ind2=" ">
            <subfield code="a">DLC</subfield>
            <subfield code="b">eng</subfield>
            <subfield code="c">DLC</subfield>
            <subfield code="e">rda</subfield>
            <subfield code="d">DLC</subfield>
          </datafield>
          <datafield tag="042" ind1=" " ind2=" ">
            <subfield code="a">pcc</subfield>
          </datafield>
          <datafield tag="043" ind1=" " ind2=" ">
            <subfield code="a">e------</subfield>
            <subfield code="a">f------</subfield>
          </datafield>
          <datafield tag="050" ind1="0" ind2="0">
            <subfield code="a">HC240.9.E5</subfield>
            <subfield code="b">C74 2017</subfield>
          </datafield>
          <datafield tag="082" ind1="0" ind2="0">
            <subfield code="a">338.94/07</subfield>
            <subfield code="2">23</subfield>
          </datafield>
          <datafield tag="245" ind1="0" ind2="0">
            <subfield code="a">Creating sustainable bioeconomies :</subfield>
            <subfield code="b">the bioscience revolution in Europe and Africa /</subfield>
            <subfield code="c">edited by Ivar Virgin and E. Jane Morris.</subfield>
          </datafield>
          <datafield tag="264" ind1=" " ind2="1">
            <subfield code="a">London :</subfield>
            <subfield code="b">Routledge Taylor &amp; Francis Group,</subfield>
            <subfield code="c">2017.</subfield>
          </datafield>
          <datafield tag="300" ind1=" " ind2=" ">
            <subfield code="a">xix, 275 pages :</subfield>
            <subfield code="b">illustrations ;</subfield>
            <subfield code="c">24 cm</subfield>
          </datafield>
          <datafield tag="336" ind1=" " ind2=" ">
            <subfield code="a">text</subfield>
            <subfield code="b">txt</subfield>
            <subfield code="2">rdacontent</subfield>
          </datafield>
          <datafield tag="337" ind1=" " ind2=" ">
            <subfield code="a">unmediated</subfield>
            <subfield code="b">n</subfield>
            <subfield code="2">rdamedia</subfield>
          </datafield>
          <datafield tag="338" ind1=" " ind2=" ">
            <subfield code="a">volume</subfield>
            <subfield code="b">nc</subfield>
            <subfield code="2">rdacarrier</subfield>
          </datafield>
          <datafield tag="490" ind1="0" ind2=" ">
            <subfield code="a">Routledge studies in ecological economics</subfield>
          </datafield>
          <datafield tag="504" ind1=" " ind2=" ">
            <subfield code="a">Includes bibliographical references and index.</subfield>
          </datafield>
          <datafield tag="505" ind1="0" ind2=" ">
            <subfield code="a">Introduction: why this book? -- Foreword / Joachim von Braun, Chair of the German Government's Bioeconomy Council -- Background and overview of the book / E Jane Morris, University of Leeds, UK, Ivar Virgin, Stockholm Environment Institute -- Benefits and challenges of a new knowledge based bioeconomy / Ivar Virgin, Matthew Fielding, Melinda Fones Sundell, Holger Hoff and Jakob Granit Stockholm Environment Institute -- The gene revolution : what can and can't be done with modern biosciences? / E. Jane Morris, University of Leeds, UK -- Section 2: Towards sustainable food security -- The European perspective : the case for a highly productive and innovative agriculture in Europe / Harald von Witzke, Humboldt University of Berlin, Steffen Noleppa, Humboldt Forum for Food and Agriculture -- The African perspective : new biosciences making african agriculture more productive and resilient / Jennifer A. Thomson, University of Cape Town, South Africa -- Europe and Africa: addressing the food security challenges / Philipp Aerni, Isabelle Schluep Campo, University of Zurich, Ruth K. Oniango, African Journal of Food, Agriculture, Nutrition and Development -- Towards resource efficient economies broadening the base of agriculture -- The European perspective : potential of crop biosciences to support resource-use efficiency, climate change mitigation and adaptation in European agriculture / Olle Olsson1, Torbjörn Fagerström, Jens Sundström, Thomas Kätterer and Ivar Virgin, Stockholm Environment Institute, Swedish University of Agricultural Sciences -- The European perspective. a renewable resource base for the European chemical industry : getting to a European bioeconomy / Sten Stymne, Swedish University of Agricultural Sciences -- The African perspective : using the new biosciences to support the African development agenda / E Jane Morris, University of Leeds, UK, Corinda Erasmus, STEPS Science Training, South Africa -- Martha M O'Kennedy, Csir, South Africa -- The African perspective : developing an African bio-resource based industry: the case for Cassava / Yona Baguma, Ephraim Nuwamanya, NARO, Uganda , Chrissie Rey, University of the Witwatersrand, South Africa -- Europe and Africa : biofuels for sustainable energy and mobility in the EU and Africa / Francis X. Johnson, SEI and Yacob Mulugetta, University College London -- Broadening the bioscience innovation agenda -- The potential of biosciences for agricultural improvement in Africa and Europe : looking forward to 2050 / Denis J Murphy, University of South Wales, UK -- The need for international bioscience collaboration and a shared agenda / John Komen, bioscience policy advisor, The Netherlands, Julius Ecuru, Uganda National Council for Science and Technology, Uganda -- The social and economic challenges for a bioeconomy / Richard Smart, Technische Universität München, Germany, Justus Wesseler, Wageningen University, The Netherland -- Two decades of European-African bioscience collaboration : from bio-earn to bio-innovate / Ivar Virgin, SEI and Allan Liavoga, ILRI BioInnovate coordinator -- Transitions to a modern bioeconomy : analysis of policies -- European strategies and policies getting towards a bioeconomy / Dirk Carrez, Clever Consult, Belgium -- Getting towards an african bioeconomy / Julius Ecuru, , Uganda National Council for Science and Technology -- Intellectual property challenges for a bioeconomy / Rosemary Wolson, CSIR, South Africa -- Europe and Africa: how European policies influence bioscience adoption in Africa / John Komen, Bioscience policy advisor, The Netherlands -- Way forward-progressing towards European and African bioeconomies -- Conclusions and key messages / Ivar Virgin, Stockholm Environment Institute, E Jane Morris, University of Leeds, UK.</subfield>
          </datafield>
          <datafield tag="650" ind1=" " ind2="0">
            <subfield code="a">Sustainable development</subfield>
            <subfield code="z">Europe.</subfield>
          </datafield>
          <datafield tag="650" ind1=" " ind2="0">
            <subfield code="a">Sustainable development</subfield>
            <subfield code="z">Africa.</subfield>
          </datafield>
          <datafield tag="650" ind1=" " ind2="0">
            <subfield code="a">Sustainable agriculture</subfield>
            <subfield code="z">Europe.</subfield>
          </datafield>
          <datafield tag="650" ind1=" " ind2="0">
            <subfield code="a">Sustainable agriculture</subfield>
            <subfield code="z">Africa.</subfield>
          </datafield>
          <datafield tag="650" ind1=" " ind2="0">
            <subfield code="a">Renewable energy sources</subfield>
            <subfield code="z">Europe.</subfield>
          </datafield>
          <datafield tag="650" ind1=" " ind2="0">
            <subfield code="a">Renewable energy sources</subfield>
            <subfield code="z">Africa.</subfield>
          </datafield>
          <datafield tag="650" ind1=" " ind2="0">
            <subfield code="a">Food supply</subfield>
            <subfield code="z">Europe.</subfield>
          </datafield>
          <datafield tag="650" ind1=" " ind2="0">
            <subfield code="a">Food supply</subfield>
            <subfield code="z">Africa.</subfield>
          </datafield>
          <datafield tag="650" ind1=" " ind2="0">
            <subfield code="a">Biotechnology</subfield>
            <subfield code="x">Economic aspects.</subfield>
          </datafield>
          <datafield tag="700" ind1="1" ind2=" ">
            <subfield code="a">Virgin, Ivar,</subfield>
            <subfield code="e">editor.</subfield>
          </datafield>
          <datafield tag="700" ind1="1" ind2=" ">
            <subfield code="a">Morris, Jane,</subfield>
            <subfield code="c">(Independent life science consultant),</subfield>
            <subfield code="e">editor.</subfield>
          </datafield>
        </record>
      </zs:recordData>
      <zs:recordPosition>2</zs:recordPosition>
    </zs:record>