
    <zs:record>
      <zs:recordSchema/>
      <zs:recordPacking>xml</zs:recordPacking>
      <zs:recordData>
        <record xmlns="http://www.loc.gov/MARC21/slim">
          <leader>00898cam a22002657a 4500</leader>
          <controlfield tag="001">15637093</controlfield>
          <controlfield tag="005">20110210100234.0</controlfield>
          <controlfield tag="008">090225s2008    rh            000 p eng d</controlfield>
          <datafield tag="906" ind1=" " ind2=" ">
            <subfield code="a">7</subfield>
            <subfield code="b">cbc</subfield>
            <subfield code="c">copycat</subfield>
            <subfield code="d">3</subfield>
            <subfield code="e">ncip</subfield>
            <subfield code="f">20</subfield>
            <subfield code="g">y-gencatlg</subfield>
          </datafield>
          <datafield tag="925" ind1="0" ind2=" ">
            <subfield code="a">acquire</subfield>
            <subfield code="b">1 shelf copy</subfield>
            <subfield code="x">policy default</subfield>
          </datafield>
          <datafield tag="955" ind1=" " ind2=" ">
            <subfield code="a">wn18 2009-02-25 z-processor</subfield>
            <subfield code="c">wn15 2009-03-24 to HLCD</subfield>
            <subfield code="a">bc00 2009-06-18</subfield>
            <subfield code="d">bc07 2009-06-24</subfield>
            <subfield code="a">Barcode 00148909015 returned from bindery 2009-09-01</subfield>
          </datafield>
          <datafield tag="010" ind1=" " ind2=" ">
            <subfield code="a">  2009334076</subfield>
          </datafield>
          <datafield tag="020" ind1=" " ind2=" ">
            <subfield code="a">9780797436459</subfield>
          </datafield>
          <datafield tag="020" ind1=" " ind2=" ">
            <subfield code="a">0797436456</subfield>
          </datafield>
          <datafield tag="035" ind1=" " ind2=" ">
            <subfield code="a">(OCoLC)ocn262883554</subfield>
          </datafield>
          <datafield tag="040" ind1=" " ind2=" ">
            <subfield code="a">BTCTA</subfield>
            <subfield code="c">BTCTA</subfield>
            <subfield code="d">WAU</subfield>
            <subfield code="d">YDXCP</subfield>
            <subfield code="d">WAU</subfield>
            <subfield code="d">DLC</subfield>
          </datafield>
          <datafield tag="042" ind1=" " ind2=" ">
            <subfield code="a">lccopycat</subfield>
            <subfield code="a">lcode</subfield>
          </datafield>
          <datafield tag="043" ind1=" " ind2=" ">
            <subfield code="a">f-rh---</subfield>
          </datafield>
          <datafield tag="050" ind1="0" ind2="0">
            <subfield code="a">PR9346</subfield>
            <subfield code="b">.I58 2008</subfield>
          </datafield>
          <datafield tag="245" ind1="0" ind2="0">
            <subfield code="a">Intwasa poetry /</subfield>
            <subfield code="c">edited by Jane Morris.</subfield>
          </datafield>
          <datafield tag="260" ind1=" " ind2=" ">
            <subfield code="a">Bulawayo :</subfield>
            <subfield code="b">'amaBooks,</subfield>
            <subfield code="c">c2008.</subfield>
          </datafield>
          <datafield tag="300" ind1=" " ind2=" ">
            <subfield code="a">60 p. ;</subfield>
            <subfield code="c">21 cm.</subfield>
          </datafield>
          <datafield tag="650" ind1=" " ind2="0">
            <subfield code="a">African poetry (English)</subfield>
          </datafield>
          <datafield tag="700" ind1="1" ind2=" ">
            <subfield code="a">Morris, Jane,</subfield>
            <subfield code="d">1953-</subfield>
          </datafield>
          <datafield tag="985" ind1=" " ind2=" ">
            <subfield code="a">ODE-nb</subfield>
          </datafield>
        </record>
      </zs:recordData>
      <zs:recordPosition>3</zs:recordPosition>
    </zs:record>