
    <zs:record>
      <zs:recordSchema/>
      <zs:recordPacking>xml</zs:recordPacking>
      <zs:recordData>
        <record xmlns="http://www.loc.gov/MARC21/slim">
          <leader>04580cam a22005415i 4500</leader>
          <controlfield tag="001">21938334</controlfield>
          <controlfield tag="005">20210311171408.0</controlfield>
          <controlfield tag="006">m    |o  d |      </controlfield>
          <controlfield tag="007">cr |||||||||||</controlfield>
          <controlfield tag="008">180702s2018    gw |||| o    |||| 0|eng  </controlfield>
          <datafield tag="906" ind1=" " ind2=" ">
            <subfield code="a">0</subfield>
            <subfield code="b">ibc</subfield>
            <subfield code="c">origres</subfield>
            <subfield code="d">u</subfield>
            <subfield code="e">ncip</subfield>
            <subfield code="f">20</subfield>
            <subfield code="g">y-gencatlg</subfield>
          </datafield>
          <datafield tag="925" ind1="0" ind2=" ">
            <subfield code="a">acquire</subfield>
            <subfield code="e">pcnspringer</subfield>
            <subfield code="x">policy default</subfield>
          </datafield>
          <datafield tag="035" ind1=" " ind2=" ">
            <subfield code="a">(DE-He213)978-3-319-64131-7</subfield>
          </datafield>
          <datafield tag="010" ind1=" " ind2=" ">
            <subfield code="a">  2019769331</subfield>
          </datafield>
          <datafield tag="020" ind1=" " ind2=" ">
            <subfield code="a">9783319641317</subfield>
          </datafield>
          <datafield tag="024" ind1="7" ind2=" ">
            <subfield code="a">10.1007/978-3-319-64131-7</subfield>
            <subfield code="2">doi</subfield>
          </datafield>
          <datafield tag="040" ind1=" " ind2=" ">
            <subfield code="a">DLC</subfield>
            <subfield code="b">eng</subfield>
            <subfield code="e">pn</subfield>
            <subfield code="e">rda</subfield>
            <subfield code="c">DLC</subfield>
          </datafield>
          <datafield tag="072" ind1=" " ind2="7">
            <subfield code="a">MED031000</subfield>
            <subfield code="2">bisacsh</subfield>
          </datafield>
          <datafield tag="072" ind1=" " ind2="7">
            <subfield code="a">MJH</subfield>
            <subfield code="2">bicssc</subfield>
          </datafield>
          <datafield tag="072" ind1=" " ind2="7">
            <subfield code="a">MJH</subfield>
            <subfield code="2">thema</subfield>
          </datafield>
          <datafield tag="082" ind1="0" ind2="4">
            <subfield code="a">616.33</subfield>
            <subfield code="2">23</subfield>
          </datafield>
          <datafield tag="097" ind1="0" ind2="0">
            <subfield code="a">RC799-869</subfield>
          </datafield>
          <datafield tag="245" ind1="0" ind2="0">
            <subfield code="a">Multidisciplinary Management of Eating Disorders /</subfield>
            <subfield code="c">edited by Jane Morris, Alastair McKinlay.</subfield>
          </datafield>
          <datafield tag="250" ind1=" " ind2=" ">
            <subfield code="a">1st ed. 2018.</subfield>
          </datafield>
          <datafield tag="264" ind1=" " ind2="1">
            <subfield code="a">Cham :</subfield>
            <subfield code="b">Springer International Publishing :</subfield>
            <subfield code="b">Imprint: Springer,</subfield>
            <subfield code="c">2018.</subfield>
          </datafield>
          <datafield tag="300" ind1=" " ind2=" ">
            <subfield code="a">1 online resource (VIII, 257 pages 21 illustrations, 19 illustrations in color.)</subfield>
          </datafield>
          <datafield tag="336" ind1=" " ind2=" ">
            <subfield code="a">text</subfield>
            <subfield code="b">txt</subfield>
            <subfield code="2">rdacontent</subfield>
          </datafield>
          <datafield tag="337" ind1=" " ind2=" ">
            <subfield code="a">computer</subfield>
            <subfield code="b">c</subfield>
            <subfield code="2">rdamedia</subfield>
          </datafield>
          <datafield tag="338" ind1=" " ind2=" ">
            <subfield code="a">online resource</subfield>
            <subfield code="b">cr</subfield>
            <subfield code="2">rdacarrier</subfield>
          </datafield>
          <datafield tag="347" ind1=" " ind2=" ">
            <subfield code="a">text file</subfield>
            <subfield code="b">PDF</subfield>
            <subfield code="2">rda</subfield>
          </datafield>
          <datafield tag="505" ind1="0" ind2=" ">
            <subfield code="a">Understanding Anorexic Behaviour -- Medical Assessment -- How do medical conditions interact with Eating Disorders? -- The Medical Management of Inpatients with Anorexia Nervosa. Care on the General Medical Ward -- Medicolegal Aspects -- Working with Parents, Partners and Other Carers -- Eating and feeding disorders in children and adolescents -- Management of Over Activity and Compulsive Exercise in the Treatment of People with Eating Disorders -- The Management of Eating Disorders where there is a Comorbid Personality Disorder -- Management of Eating Disorders when there is also substance misuse -- Management of eating disorders in patients with Type 1 (Insulin Dependent) Diabetes -- Perinatal Illness in Eating Disorders -- Managing Transitions in the Treatment of Eating Disorders -- Severe and Enduring Eating Disorders -- The Compassionate Management of a Death.</subfield>
          </datafield>
          <datafield tag="520" ind1=" " ind2=" ">
            <subfield code="a">This Handbook is an indispensable guide for the multidisciplinary management of eating disorders. It discusses a broad range of issues: managing high-risk patients, the challenges of inserting feeding tubes, addressing nutritional aspects and dealing with additional disorders which might complicate matters, such as diabetes, coeliac disease and cystic fibrosis. It discusses fertility, pregnancy, and eating disorders in children and adolescents, as well as addressing the needs of families. Chapters contain key checklists and flow diagrams. Abundant pictures and conversations, coloured diagrams, charts, maps and boxes, support readers' varying learning styles and assist retention of key points. Vignettes taken from real (but strenuously anonymised) cases appeal to clinicians' preference for case-based learning. The book also functions as a practical manual of 'What to do - and what NOT to do' with practical scenarios. In the acute situation, clinicians will be able to go directly to the relevant chapter to guide the team through the 'when, where, how, why and with whom' of assessing and managing patients with eating disorders. The book is primarily aimed at postgraduate physicians managing patients with Eating disorders on Gastrointestinal, Endocrine or general medical wards, and those who seek to deepen their expertise as they sit higher professional examinations. It is of interest to both medical and psychiatric clinicians, as well as useful to nursing and multidisciplinary staff who want to develop a compassionate understanding of the true pain driving their patients' behaviours.</subfield>
          </datafield>
          <datafield tag="588" ind1=" " ind2=" ">
            <subfield code="a">Description based on publisher-supplied MARC data.</subfield>
          </datafield>
          <datafield tag="650" ind1=" " ind2="0">
            <subfield code="a">Gastroenterology.</subfield>
          </datafield>
          <datafield tag="650" ind1=" " ind2="0">
            <subfield code="a">Nursing.</subfield>
          </datafield>
          <datafield tag="650" ind1=" " ind2="0">
            <subfield code="a">Psychiatry.</subfield>
          </datafield>
          <datafield tag="650" ind1="1" ind2="4">
            <subfield code="a">Gastroenterology.</subfield>
            <subfield code="0">https://scigraph.springernature.com/ontologies/product-market-codes/H33061</subfield>
          </datafield>
          <datafield tag="650" ind1="2" ind2="4">
            <subfield code="a">Nursing.</subfield>
            <subfield code="0">https://scigraph.springernature.com/ontologies/product-market-codes/H41005</subfield>
          </datafield>
          <datafield tag="650" ind1="2" ind2="4">
            <subfield code="a">Psychiatry.</subfield>
            <subfield code="0">https://scigraph.springernature.com/ontologies/product-market-codes/H53003</subfield>
          </datafield>
          <datafield tag="700" ind1="1" ind2=" ">
            <subfield code="a">McKinlay, Alastair,</subfield>
            <subfield code="e">editor.</subfield>
          </datafield>
          <datafield tag="700" ind1="1" ind2=" ">
            <subfield code="a">Morris, Jane,</subfield>
            <subfield code="e">editor.</subfield>
          </datafield>
          <datafield tag="776" ind1="0" ind2="8">
            <subfield code="i">Print version:</subfield>
            <subfield code="t">Multidisciplinary management of eating disorders</subfield>
            <subfield code="z">9783319641300</subfield>
            <subfield code="w">(DLC)  2017964379</subfield>
          </datafield>
          <datafield tag="776" ind1="0" ind2="8">
            <subfield code="i">Printed edition:</subfield>
            <subfield code="z">9783030097080</subfield>
          </datafield>
          <datafield tag="776" ind1="0" ind2="8">
            <subfield code="i">Printed edition:</subfield>
            <subfield code="z">9783319641300</subfield>
          </datafield>
          <datafield tag="776" ind1="0" ind2="8">
            <subfield code="i">Printed edition:</subfield>
            <subfield code="z">9783319641324</subfield>
          </datafield>
          <datafield tag="952" ind1=" " ind2=" ">
            <subfield code="a">Medicine (R0) (SpringerNature-43714)</subfield>
          </datafield>
          <datafield tag="952" ind1=" " ind2=" ">
            <subfield code="a">Medicine (SpringerNature-11650)</subfield>
          </datafield>
          <datafield tag="985" ind1=" " ind2=" ">
            <subfield code="a">springerpcn</subfield>
            <subfield code="e">batch8</subfield>
          </datafield>
        </record>
      </zs:recordData>
      <zs:recordPosition>6</zs:recordPosition>
    </zs:record>