
    <zs:record>
      <zs:recordSchema/>
      <zs:recordPacking>xml</zs:recordPacking>
      <zs:recordData>
        <record xmlns="http://www.loc.gov/MARC21/slim">
          <leader>01639cam a2200325 i 4500</leader>
          <controlfield tag="001">17597473</controlfield>
          <controlfield tag="005">20130124135711.0</controlfield>
          <controlfield tag="008">130122s2012    wlk           000 1 eng  </controlfield>
          <datafield tag="906" ind1=" " ind2=" ">
            <subfield code="a">7</subfield>
            <subfield code="b">cbc</subfield>
            <subfield code="c">origres</subfield>
            <subfield code="d">2</subfield>
            <subfield code="e">ncip</subfield>
            <subfield code="f">20</subfield>
            <subfield code="g">y-gencatlg</subfield>
          </datafield>
          <datafield tag="925" ind1="0" ind2=" ">
            <subfield code="a">acquire</subfield>
            <subfield code="b">1 shelf copy</subfield>
            <subfield code="x">policy default</subfield>
          </datafield>
          <datafield tag="955" ind1=" " ind2=" ">
            <subfield code="b">hf04 2013-01-22 z-processor to USAN/UKI</subfield>
            <subfield code="i">hf11 2013-01-24 to BCCD</subfield>
          </datafield>
          <datafield tag="010" ind1=" " ind2=" ">
            <subfield code="a">  2012517088</subfield>
          </datafield>
          <datafield tag="020" ind1=" " ind2=" ">
            <subfield code="a">9781906998592 (pbk.)</subfield>
          </datafield>
          <datafield tag="020" ind1=" " ind2=" ">
            <subfield code="a">1906998590 (pbk.)</subfield>
          </datafield>
          <datafield tag="040" ind1=" " ind2=" ">
            <subfield code="a">DLC</subfield>
            <subfield code="c">DLC</subfield>
            <subfield code="e">rda</subfield>
          </datafield>
          <datafield tag="042" ind1=" " ind2=" ">
            <subfield code="a">pcc</subfield>
          </datafield>
          <datafield tag="043" ind1=" " ind2=" ">
            <subfield code="a">f-rh---</subfield>
          </datafield>
          <datafield tag="050" ind1="0" ind2="0">
            <subfield code="a">PR9390.8</subfield>
            <subfield code="b">.W44 2012</subfield>
          </datafield>
          <datafield tag="245" ind1="0" ind2="0">
            <subfield code="a">Where to now? /</subfield>
            <subfield code="c">edited by Jane Morris.</subfield>
          </datafield>
          <datafield tag="264" ind1=" " ind2="1">
            <subfield code="a">Cardigan :</subfield>
            <subfield code="b">Parthian,</subfield>
            <subfield code="c">2012.</subfield>
          </datafield>
          <datafield tag="300" ind1=" " ind2=" ">
            <subfield code="a">216 pages ;</subfield>
            <subfield code="c">21 cm</subfield>
          </datafield>
          <datafield tag="336" ind1=" " ind2=" ">
            <subfield code="a">text</subfield>
            <subfield code="2">rdacontent</subfield>
          </datafield>
          <datafield tag="337" ind1=" " ind2=" ">
            <subfield code="a">unmediated</subfield>
            <subfield code="2">rdamedia</subfield>
          </datafield>
          <datafield tag="338" ind1=" " ind2=" ">
            <subfield code="a">volume</subfield>
            <subfield code="2">rdacarrier</subfield>
          </datafield>
          <datafield tag="500" ind1=" " ind2=" ">
            <subfield code="a">"Short stories from Zimbabwe"--Cover.</subfield>
          </datafield>
          <datafield tag="505" ind1="0" ind2=" ">
            <subfield code="a">A beast and a Jete / Mapfumo Clement Chihota -- Christina the colourful / Babara Mhangami-Ruwende -- I am an African, am I? / Mzana Mthimkhulu -- Making a woman / Thabisani Ndlovu -- Snapshots / NoViolet Bulawayo -- Her skin is a map / Raisedon Baya -- Crossroads / Novuyo Rosa Tshuma -- The piano tuner / Bryony Rheam -- The poetry Slammer / Omen Nyevero Muza -- Alone / Fungai Rufaro Machirori -- They are coming / Christopher Mlalazi -- Mr Pothole / Diana Charsley -- The accidental hero / Murenga Joseph Chikowero -- Sudden death / Blessing Musariri -- Tomato stakes / John Eppel -- The need / Sandisile Tshuma.</subfield>
          </datafield>
          <datafield tag="650" ind1=" " ind2="0">
            <subfield code="a">Short stories, Zimbabwean (English)</subfield>
          </datafield>
          <datafield tag="651" ind1=" " ind2="0">
            <subfield code="a">Zimbabwe</subfield>
            <subfield code="v">Fiction.</subfield>
          </datafield>
          <datafield tag="700" ind1="1" ind2=" ">
            <subfield code="a">Morris, Jane,</subfield>
            <subfield code="d">1953-</subfield>
            <subfield code="e">editor of compilation.</subfield>
          </datafield>
          <datafield tag="923" ind1=" " ind2=" ">
            <subfield code="a">purchase</subfield>
            <subfield code="s">Coutts</subfield>
          </datafield>
        </record>
      </zs:recordData>
      <zs:recordPosition>10</zs:recordPosition>
    </zs:record>