
    <zs:record>
      <zs:recordSchema/>
      <zs:recordPacking>xml</zs:recordPacking>
      <zs:recordData>
        <record xmlns="http://www.loc.gov/MARC21/slim">
          <leader>01749cam a2200337 a 4500</leader>
          <controlfield tag="001">14976799</controlfield>
          <controlfield tag="005">20110414134007.0</controlfield>
          <controlfield tag="008">070823s2008    nyu      b    001 0 eng  </controlfield>
          <datafield tag="906" ind1=" " ind2=" ">
            <subfield code="a">7</subfield>
            <subfield code="b">cbc</subfield>
            <subfield code="c">orignew</subfield>
            <subfield code="d">1</subfield>
            <subfield code="e">ecip</subfield>
            <subfield code="f">20</subfield>
            <subfield code="g">y-gencatlg</subfield>
          </datafield>
          <datafield tag="925" ind1="0" ind2=" ">
            <subfield code="a">acquire</subfield>
            <subfield code="b">2 shelf copies</subfield>
            <subfield code="x">policy default</subfield>
            <subfield code="e">claim1  2010-02-16</subfield>
            <subfield code="e">claim2  2010-06-18</subfield>
            <subfield code="e">to CAD  2010-10-19</subfield>
          </datafield>
          <datafield tag="955" ind1=" " ind2=" ">
            <subfield code="a">sg29 2007-08-23</subfield>
            <subfield code="i">sg29 2007-08-23</subfield>
            <subfield code="e">sg29 2007-08-23 to Dewey</subfield>
            <subfield code="a">aa04 2007-08-27</subfield>
            <subfield code="a">xe08 2011-04-12 1 copy rec'd., to CIP ver.</subfield>
            <subfield code="f">xg11 2011-04-14 to BCCD</subfield>
          </datafield>
          <datafield tag="010" ind1=" " ind2=" ">
            <subfield code="a">  2007035128</subfield>
          </datafield>
          <datafield tag="020" ind1=" " ind2=" ">
            <subfield code="a">9781891843396 (alk. paper)</subfield>
          </datafield>
          <datafield tag="040" ind1=" " ind2=" ">
            <subfield code="a">DLC</subfield>
            <subfield code="c">DLC</subfield>
            <subfield code="d">DLC</subfield>
          </datafield>
          <datafield tag="042" ind1=" " ind2=" ">
            <subfield code="a">pcc</subfield>
          </datafield>
          <datafield tag="043" ind1=" " ind2=" ">
            <subfield code="a">n-us---</subfield>
          </datafield>
          <datafield tag="050" ind1="0" ind2="0">
            <subfield code="a">KF4606</subfield>
            <subfield code="b">.M67 2008</subfield>
          </datafield>
          <datafield tag="082" ind1="0" ind2="0">
            <subfield code="a">343.73/0815</subfield>
            <subfield code="2">22</subfield>
          </datafield>
          <datafield tag="100" ind1="1" ind2=" ">
            <subfield code="a">Morris, Jane Anne,</subfield>
            <subfield code="d">1953-</subfield>
          </datafield>
          <datafield tag="245" ind1="1" ind2="0">
            <subfield code="a">Gaveling down the rabble :</subfield>
            <subfield code="b">how "free trade" is stealing our democracy /</subfield>
            <subfield code="c">by Jane Anne Morris.</subfield>
          </datafield>
          <datafield tag="260" ind1=" " ind2=" ">
            <subfield code="a">New York :</subfield>
            <subfield code="b">Apex Press,</subfield>
            <subfield code="c">c2008.</subfield>
          </datafield>
          <datafield tag="300" ind1=" " ind2=" ">
            <subfield code="a">x, 182 p. cm.</subfield>
          </datafield>
          <datafield tag="504" ind1=" " ind2=" ">
            <subfield code="a">Includes bibliographical references and index.</subfield>
          </datafield>
          <datafield tag="505" ind1="0" ind2=" ">
            <subfield code="a">"Free trade" is -- A trip down "free trade's" memory lane -- Singer Company sets the pattern -- Farmer Filburn and the distended definition of commerce -- Environment finds refuge in commerce : the hey-whatever clause -- Strange fruit : civil rights and the commerce clause -- Fellow travelers : labor and the commerce clause -- Acts of self-preservation.</subfield>
          </datafield>
          <datafield tag="650" ind1=" " ind2="0">
            <subfield code="a">Interstate commerce</subfield>
            <subfield code="x">Law and legislation</subfield>
            <subfield code="z">United States.</subfield>
          </datafield>
          <datafield tag="650" ind1=" " ind2="0">
            <subfield code="a">Trade regulation</subfield>
            <subfield code="z">United States</subfield>
            <subfield code="x">States.</subfield>
          </datafield>
          <datafield tag="650" ind1=" " ind2="0">
            <subfield code="a">Free trade</subfield>
            <subfield code="z">United States.</subfield>
          </datafield>
          <datafield tag="650" ind1=" " ind2="0">
            <subfield code="a">Protectionism</subfield>
            <subfield code="z">United States.</subfield>
          </datafield>
          <datafield tag="651" ind1=" " ind2="0">
            <subfield code="a">United States</subfield>
            <subfield code="x">Commercial treaties.</subfield>
          </datafield>
          <datafield tag="610" ind1="2" ind2="0">
            <subfield code="a">World Trade Organization.</subfield>
          </datafield>
          <datafield tag="856" ind1="4" ind2="1">
            <subfield code="3">Table of contents only</subfield>
            <subfield code="u">http://www.loc.gov/catdir/toc/ecip0725/2007035128.html</subfield>
          </datafield>
        </record>
      </zs:recordData>
      <zs:recordPosition>21</zs:recordPosition>
    </zs:record>