
    <zs:record>
      <zs:recordSchema/>
      <zs:recordPacking>xml</zs:recordPacking>
      <zs:recordData>
        <record xmlns="http://www.loc.gov/MARC21/slim">
          <leader>01093pam a2200277 a 4500</leader>
          <controlfield tag="001">4905060</controlfield>
          <controlfield tag="005">20170925125715.0</controlfield>
          <controlfield tag="008">940309s1994    cau      bf   001 0 eng  </controlfield>
          <datafield tag="906" ind1=" " ind2=" ">
            <subfield code="a">7</subfield>
            <subfield code="b">cbc</subfield>
            <subfield code="c">orignew</subfield>
            <subfield code="d">1</subfield>
            <subfield code="e">ocip</subfield>
            <subfield code="f">19</subfield>
            <subfield code="g">y-gencatlg</subfield>
          </datafield>
          <datafield tag="925" ind1="0" ind2=" ">
            <subfield code="a">acquire</subfield>
            <subfield code="b">1 shelf copy</subfield>
            <subfield code="x">policy default</subfield>
          </datafield>
          <datafield tag="955" ind1=" " ind2=" ">
            <subfield code="a">pc05 to sa00 03-09-94; sc18 03-12-94; sc17 03-15-94; sc02 to 03-17-94; aa00 03-18-94; CIP ver. pv07 06-28-94</subfield>
          </datafield>
          <datafield tag="010" ind1=" " ind2=" ">
            <subfield code="a">   94008052 </subfield>
          </datafield>
          <datafield tag="020" ind1=" " ind2=" ">
            <subfield code="a">0962494577 (recycled paper)</subfield>
          </datafield>
          <datafield tag="035" ind1=" " ind2=" ">
            <subfield code="9">(DLC)   94008052</subfield>
          </datafield>
          <datafield tag="040" ind1=" " ind2=" ">
            <subfield code="a">DLC</subfield>
            <subfield code="c">DLC</subfield>
            <subfield code="d">DLC</subfield>
          </datafield>
          <datafield tag="043" ind1=" " ind2=" ">
            <subfield code="a">n-us---</subfield>
          </datafield>
          <datafield tag="050" ind1="0" ind2="0">
            <subfield code="a">HD205</subfield>
            <subfield code="b">.M67 1994</subfield>
          </datafield>
          <datafield tag="082" ind1="0" ind2="0">
            <subfield code="a">333.73/13/0973</subfield>
            <subfield code="2">20</subfield>
          </datafield>
          <datafield tag="100" ind1="1" ind2=" ">
            <subfield code="a">Morris, Jane Anne,</subfield>
            <subfield code="d">1953-</subfield>
          </datafield>
          <datafield tag="245" ind1="1" ind2="0">
            <subfield code="a">Not in my back yard :</subfield>
            <subfield code="b">the handbook /</subfield>
            <subfield code="c">by Jane Anne Morris.</subfield>
          </datafield>
          <datafield tag="260" ind1=" " ind2=" ">
            <subfield code="a">San Diego, Calif. :</subfield>
            <subfield code="b">Silvercat Publications,</subfield>
            <subfield code="c">c1994.</subfield>
          </datafield>
          <datafield tag="300" ind1=" " ind2=" ">
            <subfield code="a">305 p. ;</subfield>
            <subfield code="c">23 cm.</subfield>
          </datafield>
          <datafield tag="504" ind1=" " ind2=" ">
            <subfield code="a">Includes bibliographical references (p. 287-300) and index.</subfield>
          </datafield>
          <datafield tag="650" ind1=" " ind2="0">
            <subfield code="a">Land use</subfield>
            <subfield code="z">United States</subfield>
            <subfield code="x">Planning</subfield>
            <subfield code="x">Citizen participation</subfield>
            <subfield code="x">Handbooks, manuals, etc.</subfield>
          </datafield>
          <datafield tag="650" ind1=" " ind2="0">
            <subfield code="a">NIMBY syndrome</subfield>
            <subfield code="z">United States.</subfield>
          </datafield>
          <datafield tag="991" ind1=" " ind2=" ">
            <subfield code="b">c-GenColl</subfield>
            <subfield code="h">HD205</subfield>
            <subfield code="i">.M67 1994</subfield>
            <subfield code="t">Copy 1</subfield>
            <subfield code="w">BOOKS</subfield>
          </datafield>
        </record>
      </zs:recordData>
      <zs:recordPosition>22</zs:recordPosition>
    </zs:record>