
    <zs:record>
      <zs:recordSchema/>
      <zs:recordPacking>xml</zs:recordPacking>
      <zs:recordData>
        <record xmlns="http://www.loc.gov/MARC21/slim">
          <leader>02294ccm a2200397 a 4500</leader>
          <controlfield tag="001">15736227</controlfield>
          <controlfield tag="005">20090709161629.0</controlfield>
          <controlfield tag="008">090513s2007    nmusgz|  bdez  n  | eng d</controlfield>
          <datafield tag="906" ind1=" " ind2=" ">
            <subfield code="a">7</subfield>
            <subfield code="b">cbc</subfield>
            <subfield code="c">copycat</subfield>
            <subfield code="d">2</subfield>
            <subfield code="e">ncip</subfield>
            <subfield code="f">20</subfield>
            <subfield code="g">y-genmusic</subfield>
          </datafield>
          <datafield tag="925" ind1="0" ind2=" ">
            <subfield code="a">acquire</subfield>
            <subfield code="b">2 shelf copies</subfield>
            <subfield code="x">policy default</subfield>
          </datafield>
          <datafield tag="955" ind1=" " ind2=" ">
            <subfield code="a">vk37 2009-05-13 z-client</subfield>
            <subfield code="i">vk37 2009-05-13</subfield>
            <subfield code="e">vl34 2009-05-15 c. 1 &amp; 2 to Music Division</subfield>
            <subfield code="a">Barcode 00226788487 returned from bindery 2009-07-09</subfield>
            <subfield code="a">Barcode 00226788475 returned from bindery 2009-07-09</subfield>
          </datafield>
          <datafield tag="010" ind1=" " ind2=" ">
            <subfield code="a">  2009536640</subfield>
          </datafield>
          <datafield tag="035" ind1=" " ind2=" ">
            <subfield code="a">(OCoLC)ocn227180382</subfield>
          </datafield>
          <datafield tag="035" ind1=" " ind2=" ">
            <subfield code="a">(OCoLC)227180382</subfield>
          </datafield>
          <datafield tag="040" ind1=" " ind2=" ">
            <subfield code="a">INT</subfield>
            <subfield code="c">INT</subfield>
            <subfield code="d">DLC</subfield>
          </datafield>
          <datafield tag="042" ind1=" " ind2=" ">
            <subfield code="a">lccopycat</subfield>
          </datafield>
          <datafield tag="048" ind1=" " ind2=" ">
            <subfield code="a">vn01</subfield>
            <subfield code="a">ka01</subfield>
          </datafield>
          <datafield tag="050" ind1="0" ind2="0">
            <subfield code="a">M1621.4</subfield>
            <subfield code="b">.M</subfield>
          </datafield>
          <datafield tag="100" ind1="1" ind2=" ">
            <subfield code="a">Morris, Valarie.</subfield>
          </datafield>
          <datafield tag="245" ind1="1" ind2="0">
            <subfield code="a">Becoming a butterfly :</subfield>
            <subfield code="b">how to raise monarch butterflies /</subfield>
            <subfield code="c">[music and words by Valarie Morris ; story by Jane Morris and Pat Rahmann].</subfield>
          </datafield>
          <datafield tag="246" ind1="3" ind2="0">
            <subfield code="a">How to raise monarch butterflies</subfield>
          </datafield>
          <datafield tag="250" ind1=" " ind2=" ">
            <subfield code="a">1st ed.</subfield>
          </datafield>
          <datafield tag="260" ind1=" " ind2=" ">
            <subfield code="a">Santa Fe, NM :</subfield>
            <subfield code="b">Sandscape Publications,</subfield>
            <subfield code="c">c2007.</subfield>
          </datafield>
          <datafield tag="300" ind1=" " ind2=" ">
            <subfield code="a">33 p. of music :</subfield>
            <subfield code="b">ill. ;</subfield>
            <subfield code="c">28 cm.</subfield>
          </datafield>
          <datafield tag="546" ind1=" " ind2=" ">
            <subfield code="a">English words; also printed as text at end of score.</subfield>
          </datafield>
          <datafield tag="500" ind1=" " ind2=" ">
            <subfield code="a">Includes interlinear words.</subfield>
          </datafield>
          <datafield tag="500" ind1=" " ind2=" ">
            <subfield code="a">"An expansion of the ... booklet How to Raise Monarch Butterflies, written by Jane Morris and Pat Rahmann ... drawings from the booklet decorate the pages of this new book, which also includes music for voice and piano"--Foreword.</subfield>
          </datafield>
          <datafield tag="500" ind1=" " ind2=" ">
            <subfield code="a">Includes glossary of terms and list of internet resources.</subfield>
          </datafield>
          <datafield tag="505" ind1="0" ind2=" ">
            <subfield code="a">What's in this book? -- Searching for eggs -- Migrate with me (song) -- Where to look -- Perpetual picnic (song) -- What to look for -- Life on a leaf (song) -- How to check the leaf for eggs -- Treasure hunt (song) -- Creating an observation room -- A butterfly bed and breakfast (song) -- The watch -- Eating machine (song) -- The caterpillar -- Fifth skin fandango (song) -- The chrysalis or pupa -- Dreams of a chrysalis (song) -- The butterfly -- Adult articulations (song) -- The launch -- Sky dances (song).</subfield>
          </datafield>
          <datafield tag="650" ind1=" " ind2="0">
            <subfield code="a">Song cycles.</subfield>
          </datafield>
          <datafield tag="650" ind1=" " ind2="0">
            <subfield code="a">Songs with piano.</subfield>
          </datafield>
          <datafield tag="650" ind1=" " ind2="0">
            <subfield code="a">Monarch butterfly</subfield>
            <subfield code="v">Songs and music.</subfield>
          </datafield>
          <datafield tag="650" ind1=" " ind2="0">
            <subfield code="a">Monarch butterfly</subfield>
            <subfield code="x">Life cycles.</subfield>
          </datafield>
          <datafield tag="700" ind1="1" ind2=" ">
            <subfield code="a">Morris, Valarie.</subfield>
            <subfield code="4">lyr</subfield>
          </datafield>
          <datafield tag="700" ind1="1" ind2=" ">
            <subfield code="a">Morris, Jane.</subfield>
            <subfield code="t">How to raise monarch butterflies.</subfield>
          </datafield>
          <datafield tag="700" ind1="1" ind2=" ">
            <subfield code="a">Rahmann, Pat.</subfield>
          </datafield>
        </record>
      </zs:recordData>
      <zs:recordPosition>32</zs:recordPosition>
    </zs:record>