
    <zs:record>
      <zs:recordSchema/>
      <zs:recordPacking>xml</zs:recordPacking>
      <zs:recordData>
        <record xmlns="http://www.loc.gov/MARC21/slim">
          <leader>03373cam a2200397 i 4500</leader>
          <controlfield tag="001">20746332</controlfield>
          <controlfield tag="005">20191005110413.0</controlfield>
          <controlfield tag="008">181116t20192019nyu      b    001 0 eng  </controlfield>
          <datafield tag="906" ind1=" " ind2=" ">
            <subfield code="a">7</subfield>
            <subfield code="b">cbc</subfield>
            <subfield code="c">orignew</subfield>
            <subfield code="d">1</subfield>
            <subfield code="e">ecip</subfield>
            <subfield code="f">20</subfield>
            <subfield code="g">y-gencatlg</subfield>
          </datafield>
          <datafield tag="925" ind1="0" ind2=" ">
            <subfield code="a">acquire</subfield>
            <subfield code="b">2 shelf copies</subfield>
            <subfield code="x">policy default (ex.)</subfield>
          </datafield>
          <datafield tag="955" ind1=" " ind2=" ">
            <subfield code="b">rm13 2018-11-16</subfield>
            <subfield code="i">rm13 2018-11-16 ONIX (telework)</subfield>
            <subfield code="w">xm06 2018-11-19</subfield>
            <subfield code="a">xn13 2019-01-30 1 copy rec'd., to CIP ver.</subfield>
            <subfield code="f">rm14 2019-02-05</subfield>
            <subfield code="t">rm08 2019-10-05 copy 2 to CALM</subfield>
          </datafield>
          <datafield tag="010" ind1=" " ind2=" ">
            <subfield code="a">  2018053136</subfield>
          </datafield>
          <datafield tag="020" ind1=" " ind2=" ">
            <subfield code="a">9780143133216 (paperback)</subfield>
          </datafield>
          <datafield tag="020" ind1=" " ind2=" ">
            <subfield code="z">9780525504993 (ebook)</subfield>
          </datafield>
          <datafield tag="040" ind1=" " ind2=" ">
            <subfield code="a">DLC</subfield>
            <subfield code="b">eng</subfield>
            <subfield code="c">DLC</subfield>
            <subfield code="e">rda</subfield>
          </datafield>
          <datafield tag="042" ind1=" " ind2=" ">
            <subfield code="a">pcc</subfield>
          </datafield>
          <datafield tag="050" ind1="0" ind2="0">
            <subfield code="a">HF5387</subfield>
            <subfield code="b">.M68 2019</subfield>
          </datafield>
          <datafield tag="082" ind1="0" ind2="0">
            <subfield code="a">658.7/2</subfield>
            <subfield code="2">23</subfield>
          </datafield>
          <datafield tag="084" ind1=" " ind2=" ">
            <subfield code="a">BUS008000</subfield>
            <subfield code="a">POL043000</subfield>
            <subfield code="a">SEL021000</subfield>
            <subfield code="2">bisacsh</subfield>
          </datafield>
          <datafield tag="100" ind1="1" ind2=" ">
            <subfield code="a">Mosbacher Morris, Jane,</subfield>
            <subfield code="e">author.</subfield>
          </datafield>
          <datafield tag="245" ind1="1" ind2="0">
            <subfield code="a">Buy the change you want to see :</subfield>
            <subfield code="b">use your purchasing power to make the world a better place /</subfield>
            <subfield code="c">Jane Mosbacher Morris with Wendy Paris.</subfield>
          </datafield>
          <datafield tag="264" ind1=" " ind2="1">
            <subfield code="a">[New York] :</subfield>
            <subfield code="b">TarcherPerigee,</subfield>
            <subfield code="c">[2019]</subfield>
          </datafield>
          <datafield tag="264" ind1=" " ind2="4">
            <subfield code="c">©2019</subfield>
          </datafield>
          <datafield tag="300" ind1=" " ind2=" ">
            <subfield code="a">viii, 262 pages ;</subfield>
            <subfield code="c">21 cm</subfield>
          </datafield>
          <datafield tag="336" ind1=" " ind2=" ">
            <subfield code="a">text</subfield>
            <subfield code="b">txt</subfield>
            <subfield code="2">rdacontent</subfield>
          </datafield>
          <datafield tag="337" ind1=" " ind2=" ">
            <subfield code="a">unmediated</subfield>
            <subfield code="b">n</subfield>
            <subfield code="2">rdamedia</subfield>
          </datafield>
          <datafield tag="338" ind1=" " ind2=" ">
            <subfield code="a">volume</subfield>
            <subfield code="b">nc</subfield>
            <subfield code="2">rdacarrier</subfield>
          </datafield>
          <datafield tag="504" ind1=" " ind2=" ">
            <subfield code="a">Includes bibliographical references (pages 243-251) and index.</subfield>
          </datafield>
          <datafield tag="520" ind1=" " ind2=" ">
            <subfield code="a">"Eager to change the world? Learn how you can have a greater social impact through your everyday purchases.  The money we routinely spend on food, clothes, gifts, and even indulgences is an untapped superpower. What would happen if we slowed down to make more thoughtful decisions about what we buy? For "mom and pop" stores across the country, and artisan and agricultural communities around the world, every purchase matters.  Consumers--whether individuals, small businesses, or corporations--are paying more attention than ever to how their goods are made; and retailers--large and small--are responding by investing in ethical and eco-friendly production. Yet figuring out which brands to support can feel overwhelming. Jane Mosbacher Morris has devoted her career to creating economic opportunities for vulnerable communities around the world, and in this valuable book, she shares her passion and insights on how we, as consumers, can create positive change too.  Covering topics that range from why not all factories are evil, to how our morning coffee can be the easiest way for us to use our purchasing power for good, Buy the Change You Want to See makes us better informed consumers. Morris tells inspiring stories about how victims of human trafficking and natural disasters have been empowered by economic opportunity, and she offers practical ideas about how we can support these communities through our purchases--whether it comes to jewelry made from recycled materials in Haiti, sustainably grown and ethically sourced coffee and chocolate from farmers in some of the poorest regions of the world, or mass-produced jeans and shoes made in factories where workers are guaranteed decent working conditions and a fair wage"--</subfield>
            <subfield code="c">Provided by publisher.</subfield>
          </datafield>
          <datafield tag="650" ind1=" " ind2="0">
            <subfield code="a">Business ethics.</subfield>
          </datafield>
          <datafield tag="650" ind1=" " ind2="0">
            <subfield code="a">Purchasing.</subfield>
          </datafield>
          <datafield tag="650" ind1=" " ind2="0">
            <subfield code="a">Consumption (Economics)</subfield>
          </datafield>
          <datafield tag="650" ind1=" " ind2="7">
            <subfield code="a">BUSINESS &amp; ECONOMICS / Business Ethics.</subfield>
            <subfield code="2">bisacsh</subfield>
          </datafield>
          <datafield tag="650" ind1=" " ind2="7">
            <subfield code="a">POLITICAL SCIENCE / Political Process / Political Advocacy.</subfield>
            <subfield code="2">bisacsh</subfield>
          </datafield>
          <datafield tag="650" ind1=" " ind2="7">
            <subfield code="a">SELF-HELP / Motivational &amp; Inspirational.</subfield>
            <subfield code="2">bisacsh</subfield>
          </datafield>
          <datafield tag="700" ind1="1" ind2=" ">
            <subfield code="a">Paris, Wendy</subfield>
            <subfield code="c">(Journalist),</subfield>
            <subfield code="e">author.</subfield>
          </datafield>
        </record>
      </zs:recordData>
      <zs:recordPosition>33</zs:recordPosition>
    </zs:record>